<?xml version="1.0" encoding="UTF-8"?><collection xmlns="http://www.loc.gov/MARC21/slim"><record><leader>00424nam--2200145-i-4500</leader><controlfield tag="001">000037067</controlfield><controlfield tag="002">20161230</controlfield><controlfield tag="005">20170116005021</controlfield><controlfield tag="008">060222s1000------------r-----000-0-eng-d</controlfield><datafield ind1=" " ind2=" " tag="080"><subfield code="a">621:621.3:621.38:33</subfield></datafield><datafield ind1=" " ind2=" " tag="245"><subfield code="a">Prognoze privind industria costructiilor de masini, electrotehnica si electronica. Sinteza documentara</subfield></datafield><datafield ind1=" " ind2=" " tag="260"><subfield code="a">Bucuresti</subfield><subfield code="b">Idt</subfield><subfield code="c">/F.An</subfield></datafield><datafield ind1=" " ind2=" " tag="300"><subfield code="a">133 p</subfield></datafield><datafield ind1=" " ind2=" " tag="852"><subfield code="a">35727</subfield></datafield><datafield ind1=" " ind2=" " tag="CAT"><subfield code="a">SYS</subfield><subfield code="c">20170116</subfield><subfield code="h">005021</subfield></datafield></record></collection>